<?xml version="1.0" encoding="UTF-8"?>
<collection
  xmlns:xsi="http://www.w3.org/2001/XMLSchema-instance"
  xsi:schemaLocation="http://www.loc.gov/MARC21/slim http://www.loc.gov/standards/marcxml/schema/MARC21slim.xsd"
  xmlns="http://www.loc.gov/MARC21/slim">

<record>
  <leader>03707ckdaa2200601 a 4500</leader>
  <controlfield tag="001">3462300</controlfield>
  <controlfield tag="005">20100226103416.0</controlfield>
  <controlfield tag="008">890505s1914    xx ||| |||||||   1k|eng d</controlfield>
  <datafield tag="035" ind1=" " ind2=" ">
    <subfield code="a">(OCoLC)78830610</subfield>
  </datafield>
  <datafield tag="035" ind1=" " ind2=" ">
    <subfield code="a">(OCoLC)ocm78830610</subfield>
  </datafield>
  <datafield tag="035" ind1=" " ind2=" ">
    <subfield code="a">(CStRLIN)NYDA89-F564</subfield>
  </datafield>
  <datafield tag="035" ind1=" " ind2=" ">
    <subfield code="9">AAA2771AD</subfield>
  </datafield>
  <datafield tag="035" ind1=" " ind2=" ">
    <subfield code="a">(NNC)3462300</subfield>
  </datafield>
  <datafield tag="040" ind1=" " ind2=" ">
    <subfield code="a">NNC-A</subfield>
    <subfield code="c">NNC-A</subfield>
    <subfield code="e">gihc</subfield>
  </datafield>
  <datafield tag="043" ind1=" " ind2=" ">
    <subfield code="a">n-us-ca</subfield>
  </datafield>
  <datafield tag="110" ind1="2" ind2=" ">
    <subfield code="a">Greene &amp; Greene.</subfield>
  </datafield>
  <datafield tag="240" ind1="1" ind2="0">
    <subfield code="a">Cordelia A. Culbertson house (Pasadena, Calif.).</subfield>
    <subfield code="p">Lath house and pergola[s]</subfield>
  </datafield>
  <datafield tag="245" ind1="1" ind2="0">
    <subfield code="a">Lath house and pergola, residence for Miss C.A. Culbertson, Pasadena,[Calif.]</subfield>
    <subfield code="h">[graphic] /</subfield>
    <subfield code="c">Greene and Greene, Arch'ts.</subfield>
  </datafield>
  <datafield tag="260" ind1=" " ind2=" ">
    <subfield code="c">[1914]</subfield>
  </datafield>
  <datafield tag="300" ind1=" " ind2=" ">
    <subfield code="a">11 drawings :</subfield>
    <subfield code="b">various media ;</subfield>
    <subfield code="c">81.4 x 151.4 cm. (32 1/8 x 59 5/8 in.) or smaller.</subfield>
  </datafield>
  <datafield tag="500" ind1=" " ind2=" ">
    <subfield code="a">Date from inventory.</subfield>
  </datafield>
  <datafield tag="500" ind1=" " ind2=" ">
    <subfield code="a">Bracketed title elements supplied by cataloger or taken from inventory.</subfield>
  </datafield>
  <datafield tag="580" ind1=" " ind2=" ">
    <subfield code="a">Forms part of the Greene &amp; Greene architectural drawings and photographs; job no. 328. Dept. of Drawings &amp; Archives, Avery Architectural and Fine Arts Library.</subfield>
  </datafield>
  <datafield tag="500" ind1=" " ind2=" ">
    <subfield code="a">Scale varies.</subfield>
  </datafield>
  <datafield tag="500" ind1=" " ind2=" ">
    <subfield code="a">This set consists of 9 drawings, graphite on tracing paper; and 2 drawings, graphite with crayon on tracing paper.</subfield>
  </datafield>
  <datafield tag="561" ind1=" " ind2=" ">
    <subfield code="a">Gift of Jean Murray Bangs (Mrs. Harwell Hamilton Harris), 1960; formely the collection of Charles Sumner Greene.</subfield>
  </datafield>
  <datafield tag="650" ind1=" " ind2="7">
    <subfield code="a">Houses.</subfield>
    <subfield code="2">aat</subfield>
  </datafield>
  <datafield tag="650" ind1=" " ind2="7">
    <subfield code="a">Pergolas.</subfield>
    <subfield code="2">aat</subfield>
  </datafield>
  <datafield tag="655" ind1=" " ind2="7">
    <subfield code="a">Detail drawings.</subfield>
    <subfield code="2">aat</subfield>
  </datafield>
  <datafield tag="655" ind1=" " ind2="7">
    <subfield code="a">Architectural drawings</subfield>
    <subfield code="x">American.</subfield>
    <subfield code="2">aat</subfield>
  </datafield>
  <datafield tag="655" ind1=" " ind2="7">
    <subfield code="a">Orthographic drawings.</subfield>
    <subfield code="2">aat</subfield>
  </datafield>
  <datafield tag="690" ind1=" " ind2="4">
    <subfield code="a">Lathhouses.</subfield>
  </datafield>
  <datafield tag="651" ind1=" " ind2="0">
    <subfield code="a">Pasadena (Calif.)</subfield>
  </datafield>
  <datafield tag="650" ind1=" " ind2="0">
    <subfield code="a">Architecture</subfield>
    <subfield code="z">United States</subfield>
    <subfield code="v">Designs and plans.</subfield>
  </datafield>
  <datafield tag="610" ind1="2" ind2="0">
    <subfield code="a">Cordelia A. Culbertson house (Pasadena, Calif.)</subfield>
  </datafield>
  <datafield tag="700" ind1="1" ind2=" ">
    <subfield code="a">Greene, Charles Sumner,</subfield>
    <subfield code="d">1868-1957.</subfield>
  </datafield>
  <datafield tag="700" ind1="1" ind2=" ">
    <subfield code="a">Greene, Henry Mather,</subfield>
    <subfield code="d">1870-1954.</subfield>
  </datafield>
  <datafield tag="700" ind1="1" ind2=" ">
    <subfield code="a">Culbertson, Cordelia A.</subfield>
  </datafield>
  <datafield tag="755" ind1=" " ind2=" ">
    <subfield code="a">Pencil drawings.</subfield>
    <subfield code="2">aat</subfield>
  </datafield>
  <datafield tag="755" ind1=" " ind2=" ">
    <subfield code="a">Crayon drawings.</subfield>
    <subfield code="2">aat</subfield>
  </datafield>
  <datafield tag="799" ind1="4" ind2="3">
    <subfield code="a">The Greene &amp; Greene architectural drawings and photographs.</subfield>
  </datafield>
  <datafield tag="789" ind1="0" ind2=" ">
    <subfield code="1">[1]</subfield>
    <subfield code="i">NYDA.1960.001.00859.</subfield>
    <subfield code="t">Plan :</subfield>
    <subfield code="n">Sheet no.67 /</subfield>
    <subfield code="c">drawn by L.W.C.</subfield>
    <subfield code="o">"Void, see later drawing".</subfield>
  </datafield>
  <datafield tag="789" ind1="0" ind2=" ">
    <subfield code="1">[2]</subfield>
    <subfield code="i">NYDA.1960.001.00860.</subfield>
    <subfield code="t">East elevation :</subfield>
    <subfield code="n">Sheet no. 68 /</subfield>
    <subfield code="c">drawn by L.W.C.</subfield>
    <subfield code="o">"Void, see later drawing".</subfield>
  </datafield>
  <datafield tag="789" ind1="0" ind2=" ">
    <subfield code="1">[3]</subfield>
    <subfield code="i">NYDA.1960.001.00861.</subfield>
    <subfield code="t">South elevation, F[ull] S[ize] D[etail] of cap, section thru lath house :</subfield>
    <subfield code="n">Sheet no. 69 /</subfield>
    <subfield code="c">drawn by L.W.C.</subfield>
    <subfield code="o">"Void,see later drawing".</subfield>
  </datafield>
  <datafield tag="789" ind1="0" ind2=" ">
    <subfield code="1">[4]</subfield>
    <subfield code="i">NYDA.1960.001.00862.</subfield>
    <subfield code="t">Details of pergola in upper garden -- plan, south elevation of north wing showing pergola, part east elevation of north wing showing pergola, detail[s] of beam[s], detail[s] of columns :</subfield>
    <subfield code="n">Sheet no. 74 /</subfield>
    <subfield code="c">drawn by L.W.C.</subfield>
  </datafield>
  <datafield tag="789" ind1="0" ind2=" ">
    <subfield code="1">[5]</subfield>
    <subfield code="i">NYDA.1960.001.00863.</subfield>
    <subfield code="t">Revised details of lath house -- plan, east elevation :</subfield>
    <subfield code="n">Sheet no. 76.</subfield>
    <subfield code="o">"For details see sheet no. 77".</subfield>
  </datafield>
  <datafield tag="789" ind1="0" ind2=" ">
    <subfield code="1">[6]</subfield>
    <subfield code="i">NYDA.1960.001.00864.</subfield>
    <subfield code="t">Revised details of lath house -- [partial] F.S. elevation, [partial] F.S. section, south elevation, section :</subfield>
    <subfield code="n">Sheet no. 77.</subfield>
  </datafield>
  <datafield tag="789" ind1="0" ind2=" ">
    <subfield code="1">[7]</subfield>
    <subfield code="i">NYDA.1960.001.00865.</subfield>
    <subfield code="t">Detail of seat and pergola -- half front elev., half plan, side elev. :</subfield>
    <subfield code="n">Sheet no. 79 /</subfield>
    <subfield code="c">drawn by C.S.G.</subfield>
  </datafield>
  <datafield tag="789" ind1="0" ind2=" ">
    <subfield code="1">[8]</subfield>
    <subfield code="i">NYDA.1960.001.00866.</subfield>
    <subfield code="t">Detail of seat and pergola -- front view, plan, side view :</subfield>
    <subfield code="n">Sheet no. 79 /</subfield>
    <subfield code="c">drawn by C.S.G.</subfield>
  </datafield>
  <datafield tag="789" ind1="0" ind2=" ">
    <subfield code="1">[9]</subfield>
    <subfield code="i">NYDA.1960.001.00867.</subfield>
    <subfield code="t">F.S.D. of pergola over seat in lower garden [with] half front view, half plan, side view :</subfield>
    <subfield code="n">Sheet no. 80 /</subfield>
    <subfield code="c">drawn by L.W.C.</subfield>
  </datafield>
  <datafield tag="789" ind1="0" ind2=" ">
    <subfield code="1">[10]</subfield>
    <subfield code="i">NYDA.1960.001.00868.</subfield>
    <subfield code="t">F.S.D. of cut on 12" x 12" beams, on lath house :</subfield>
    <subfield code="n">Sheet no. 81.</subfield>
  </datafield>
  <datafield tag="789" ind1="0" ind2=" ">
    <subfield code="1">[11]</subfield>
    <subfield code="i">NYDA.1960.001.00869.</subfield>
    <subfield code="t">F.S.D. of wro[ugh]t iron straps for pergola in upper garden :</subfield>
    <subfield code="n">Sheet no. 82 /</subfield>
    <subfield code="c">drawn by L.W.C.</subfield>
  </datafield>
  <datafield tag="900" ind1=" " ind2=" ">
    <subfield code="a">AUTH</subfield>
  </datafield>
</record>

</collection>